@article{bhatti1999,
  author = {M. S. Bhatti},
  title = {Riding in Comfort, Part 2: Evolution of Automotive Air Conditioning},
  journal = {ASHRAE Journal},
  year = {1999},
  volume = {41},
  number = {8},
  pages = {51-57},
  url = {https://www.ashrae.org/file%20library/about/mission%20and%20vision/ashrae%20and%20industry%20history/evolution-of-automotive-heating-riding-in-comfort-part-ii.pdf},
  urldate = {2024-11-28}
}

@article{dasilva2024,
author = {D.L. {Da Silva} and I.S. {De Oliveira} and A.D.P. Juliani and others},
  title = {Avaliação do desempenho térmico de sistemas de ar condicionado automotivo: uma abordagem experimental combinando primeira e segunda leis da termodinâmica},
  journal = {J. Braz. Soc. Mech. Sci. Eng.},
  volume = {46},
  pages = {703},
  year = {2024},
  doi = {10.1007/s40430-024-05283-1},
  urldate = {2024-11-28}
}


@inproceedings{farrington2000,
  author    = {R. Farrington and J. Rugh},
  title     = {Impact of Vehicle Air-Conditioning on Fuel Economy, Tailpipe Emissions, and Electric Vehicle Range},
  booktitle = {Earth Technologies Forum},
  year      = {2000},
  address   = {Washington, D.C.},
  publisher = {National Renewable Energy Laboratory (NREL)},

}


@inproceedings{dasilva2023,
  author = {D.L. {Da Silva} and others},
  title = {Experimental Thermal Performance Evaluation of an Automotive Air Conditioning System},
  booktitle = {27th COBEM – International Congress of Mechanical Engineering},
  year = {2023},
  address = {Santa Catarina, Brazil},
  urldate = {2023-12-22}
}

@inproceedings{dasilva2016,
  author = {D.L. {Da Silva} and Cláudio Melo},
  title = {A Perspective on R\&D\&I Activities in the Brazilian Mobile Air Conditioning Market},
  booktitle = {16th Brazilian Congress of Thermal Sciences and Engineering},
  year = {2016},
  address = {Vitória, ES, Brazil},
  url = {https://refridynamics.ufsc.br/},
  urldate = {2024-10-10}
}

@inproceedings{deoliveira2023,
  author = {Igor Santos {De Oliveira}},
  title = {Avaliação do desempenho energético de sistemas automotivos de condicionamento de ar},
  booktitle = {33º Seminário de Iniciação Científica e Tecnológica},
  year = {2023},
  address = {Santa Catarina, Brazil},
  publisher = {Universidade Federal de Santa Catarina},  
  urldate = {2024-11-10}
}

@online{juliani2017,
  author = {Aline Durrer Juliani and Pablo Andretta Jaskowiak and Diogo Lôndero {Da Silva}},
  title = {III Congresso Nacional das Engenharias da Mobilidade},
  address = {Joinville, Brazil},
  year = {2017},
  pages = {8}
}

@mastersthesis{junior2023,
  author = {Alan Coelho Kremer Junior},
  title = {Modelagem matemática e simulação de um condensador do tipo tubo aleta empregado em um condicionador de ar doméstico},
  school = {Universidade Federal de Santa Catarina},
  year = {2023},
  address = {Santa Catarina, Brazil},
  url = {https://repositorio.ufsc.br/handle/123456789/245221},
  urldate = {2024-11-28}
}

@online{ministerio2024,
  author = {{Ministério dos Transportes}},
  title = {Frota Nacional (Novembro de 2024)},
  year = {2024},
  url = {https://www.gov.br/transportes/pt-br/assuntos/transito/conteudo-Senatran/frota-de-veiculos-2024},
  urldate = {2024-12-12}
}

@mastersthesis{rangel2007,
author = {{Sergio de Camargo} Rangel},
  title = {Simulação transiente de um sistema de refrigeração doméstico - Análise paramétrica},
  school = {Universidade de São Paulo},
  year = {2007},
  address = {São Carlos, Brazil},
  pages = {102}
}

@online{reve2023,
  author = {REVE},
  title = {Laboratório de Refrigeração Veicular},
  year = {2023},
  url = {https://refridynamics.ufsc.br/},
  urldate = {2024-10-20}
}

%Referências no texto em vez de introdução/materiais e métodos

@article{MmascheHysteris,
author = {M. Masche and others},
  title = {Impact of hysteresis on caloric cooling performance},
  journal = {International Journal of Refrigeration},
  year = {2020},
  doi = {https://doi.org/10.1016/j.ijrefrig.2020.10.012},
  urldate = {2025-04-09}
}

@book{StoekerRefrigeration,
  title        = {Refrigeration adn Air Conditioning},
  author       = {W. F. Stoecker and J. W. Jones},
  year         = {1982},
  edition      = {2},
  address      = {Porto Alegre},
  publisher    = {McGraw-Hill},
}

@book{ChapraNumerico,
    author = {Steven C. Chapra},
    title = {Métodos Númericos Aplicados com MatLab para Engenheiros e Cientistas},
    edition = {3},
    address = {Porto Alegre},
    publisher = {AMGH},
    year = {2013}
}

@article{VaryingFanSpeedCavallaro,
author = {Cavallaro, Alberto and Bullard, C.W.},
journal = {ACRC},
year = {1994},
month = {07},
pages = {},
title = {Effects of Varying Fan Speed on a Refrigerator/Freezer System}
}

@inproceedings{EffectsOFRefrigeranteCompressorAirFlow,
author = {Datta, Santanu and Das, Prasanta Kumar and Mukhopadhyay, Siddhartha},
year = {2014},
month = {07},
pages = {},
title = {Effect of Refrigerant Charge, Compressor Speed and Air Flow Through the Evaporator on the Performance of an Automotive Air Conditioning
Systemm},
  url          = {https://docs.lib.purdue.edu/cgi/viewcontent.cgi?article=2469&context=iracc#:~:text=Increase%20of%20blower%20speed%20induces,are%20direct%20outcome%20of%20that.&text=Figure%204%20describes%20the%20effect,compressor%20speeds%20and%20blower%20settings.},
  urldate = {2025-06-13}
}


@inproceedings{phillippi2008basic,
    author = {Greg Phillippi},
    title = {Turbomachinery Laboratory, Texas A\&M Engineering Experiment Station},
    booktitle = {Basic Thermodynamics of Reciprocating Compression},
    year = {2008},
    url          = {https://core.ac.uk/download/pdf/147252848.pdf},
    urldate = {2025-06-13}
}

@article{CHEN20081368,
title = {A study on the operational stability of a refrigeration system having a variable speed compressor},
journal = {International Journal of Refrigeration},
volume = {31},
number = {8},
pages = {1368-1374},
year = {2008},
issn = {0140-7007},
doi = {https://doi.org/10.1016/j.ijrefrig.2008.04.012},
url = {https://www.sciencedirect.com/science/article/pii/S0140700708000753},
author = {Yiming Chen and Shiming Deng and Xiangguo Xu and Mingyin Chan}

}

@inproceedings{ExperimentalThermalPerformance,
author = {Londero, Diogo da Silva and Oliveira, Igor and Juliani, Aline and Fischer, Filipe and Cordova, Guilherme},
year = {2023},
month = {01},
pages = {},
booktitle = {COBEM},
title = {Experimental Thermal Performance Evaluation of an Automotive Air Conditioning System},
address   = {Florianópolis},
doi = {10.26678/ABCM.COBEM2023.COB2023-1460}
}